@book{fme02,
	edition = {10ª edição},
	title = {Fundamentos de matemática elementar - {Volume} 2: {Logaritmos}},
	isbn = {978-85-357-1682-5},
	shorttitle = {Fundamentos de matemática elementar - {Volume} 2},
	abstract = {Estuda funções exponenciais e logarítimicas bem como suas aplicações na resolução de equações e indequações. Entretanto, é interessante fazer uma revisão preliminar sobre os conceitos e as propriedades de potências e raízes.},
	language = {Português},
	publisher = {Saraiva Didáticos},
	author = {Iezzi, Gelson and Dolce, Osvaldo and Murakami, Carlos},
	year = {2019},
}